@article{doctors_prediction,
  title={Clinical gestalt and the prediction of massive transfusion after trauma},
  author={Pommerening, Matthew J and Goodman and others},
  journal={Injury},
  volume={46},
  number={5},
  pages={807--813},
  year={2015},
  publisher={Elsevier}
}

