@book{MICE_founding,
  title={Analysis of incomplete multivariate data},
  author={Schafer, Joseph L},
  year={1997},
  publisher={Chapman and Hall/CRC}
}

