@article{consistency_linreg,
  title={Strong consistency of least squares estimates in normal linear regression},
  author={Anderson, TW and Taylor, John B and others},
  journal={The Annals of Statistics},
  volume={4},
  number={4},
  pages={788--790},
  year={1976},
  publisher={Institute of Mathematical Statistics}
}

