@book{MICE_founding,
  title={Analysis of incomplete multivariate data},
  author={Schafer, Joseph L},
  year={1997},
  publisher={Chapman and Hall/CRC}
}

@article{scikit-learn,
 title={Scikit-learn: Machine Learning in {P}ython},
 author={Pedregosa, F. and Varoquaux, G. and Gramfort, A. and Michel, V.
         and Thirion, B. and Grisel, O. and Blondel, M. and Prettenhofer, P.
         and Weiss, R. and Dubourg, V. and Vanderplas, J. and Passos, A. and
         Cournapeau, D. and Brucher, M. and Perrot, M. and Duchesnay, E.},
 journal={Journal of Machine Learning Research},
 volume={12},
 pages={2825--2830},
 year={2011}
}

@misc{github_sklearn,
  title = {{Basic version of MICE Imputation} Github pull request},
  howpublished = {\url{https://github.com/scikit-learn/scikit-learn/pull/8478}},
  note = {Scikit-learn repository}
}

@misc{thread_newdata1,
  title = {{Get at the final model used in the MICE iterations?}},
  howpublished = {\url{https://github.com/stefvanbuuren/mice/issues/32}},
  note = {Github MICE repository}
}

@misc{thread_newdata2,
  title = {{R MICE impute new observations}},
  howpublished = {\url{https://stackoverflow.com/questions/40115226/r-mice-impute-new-observations}},
  note = {Stackoverflow discussion}
}

@misc{thread_newdata3,
  title = {{Imputation using MICE: Use the train data to impute the missing test data}},
  howpublished = {\url{https://stats.stackexchange.com/questions/332342/imputation-using-mice-use-the-train-data-to-impute-the-missing-test-data}},
  note = {Stackexchange discussion}
}

@article{ref_amelia,
  title={Amelia II: A program for missing data},
  author={Honaker, James and King, Gary and Blackwell, Matthew and others},
  journal={Journal of statistical software},
  volume={45},
  number={7},
  pages={1--47},
  year={2011}
}

@Manual{pkg_norm,
    title = {norm: Analysis of multivariate normal datasets with missing values},
    author = {Ported to R by Alvaro A. Novo. Original by Joseph L. Schafer <jls@stat.psu.edu>.},
    year = {2013},
    note = {R package version 1.0-9.5},
    url = {https://CRAN.R-project.org/package=norm},
  }
  
  @book{em_normal_fit,
  title={Analysis of incomplete multivariate data},
  author={Schafer, Joseph L},
  year={1997},
  publisher={Chapman and Hall/CRC}
}
